<?xml version="1.0" encoding="UTF-8"?><record xmlns="http://www.loc.gov/MARC21/slim" xmlns:cinclude="http://apache.org/cocoon/include/1.0" xmlns:zs="http://www.loc.gov/zing/srw/">
  <leader>00697cz  a2200157n  4500</leader>
  <controlfield tag="001">n  87866134 </controlfield>
  <controlfield tag="003">DLC</controlfield>
  <controlfield tag="005">19920331103053.1</controlfield>
  <controlfield tag="008">880425n| acannaab|          |a ana ||| c</controlfield>
  <datafield tag="010" ind1=" " ind2=" ">
    <subfield code="a">n  87866134 </subfield>
  </datafield>
  <datafield tag="040" ind1=" " ind2=" ">
    <subfield code="a">IU</subfield>
    <subfield code="c">DLC</subfield>
    <subfield code="d">DLC</subfield>
    <subfield code="d">ICU</subfield>
  </datafield>
  <datafield tag="110" ind1="2" ind2="0">
    <subfield code="a">T︠S︡entralʹnyĭ gosudarstvennyĭ arkhiv Mordovskoĭ ASSR</subfield>
  </datafield>
  <datafield tag="410" ind1="1" ind2="0">
    <subfield code="a">Mordovian A.S.S.R. (R.S.F.S.R.).</subfield>
    <subfield code="b">T︠S︡entralʹnyĭ gosudarstvennyĭ arkhiv</subfield>
  </datafield>
  <datafield tag="410" ind1="2" ind2="0">
    <subfield code="a">T︠S︡GA MASSR</subfield>
  </datafield>
  <datafield tag="670" ind1=" " ind2=" ">
    <subfield code="a">V bratskom sodruzhestve narodov SSSR, 1986:</subfield>
    <subfield code="b">t.p. (T︠S︡entralʹnyĭ gosudarstvennyĭ arkhiv Mordovskoĭ ASSR)</subfield>
  </datafield>
  <datafield tag="670" ind1=" " ind2=" ">
    <subfield code="a">Its Putevoditelʹ po T︠S︡entralʹnomu gosudarstvennomu arkhivu Mordovskoĭ ASSR, vyp. 2, 1988:</subfield>
    <subfield code="b">p. 4 (T︠S︡GA MASSR)</subfield>
  </datafield>
</record>